 @book{ScalesReport,
  title     = {A Science-based Case for Large-scale Simulation},
  editor    = {D. E. Keyes},
  publisher = {U.S. Department of Energy},
  year      = {2004},
  url       = {http://www.pnl.gov/scales}
}

@book{brandt2011multigrid,
  title= {Multigrid techniques: 1984 guide with applications to fluid dynamics},
  author={Brandt, Achi and Livne, Oren E},
  volume={67},
  year={2011},
  publisher={SIAM}
}

@article{doi,
author = {Björn Gmeiner and Ulrich Rüde and Holger Stengel and Christian Waluga and Barbara Wohlmuth},
title = {Performance and Scalability of Hierarchical Hybrid Multigrid Solvers for Stokes Systems},
journal = {SIAM Journal on Scientific Computing},
volume = {37},
number = {2},
pages = {C143-C168},
year = {2015},
doi = {10.1137/130941353},
}

@inproceedings {id716,
  author = {M. Mohr},
  booktitle = {Proceedings of Euro-Par 2000: Parallel Processing},
  editor = {A. Bode and T. Ludwig and W. Karl and R. Wism{\"u}ller},
  pages = {806{--}814},
  publisher = {Springer},
  series = {Lecture Notes in Computer Science},
  title = {{Low Communication Parallel Multigrid: A Fine Level Approach}},
  volume = {1900},
  year = {2000},
  language = {en},
}

@article {paper1, 
author = {Mark F. Adams, Jed Brown, Matt Knepley, and Ravi Samtaney},
title = {Segmental Refinement: A Multigrid Technique For Data Locality }
}

@article {paper2,
title = {Interior Estimates for Elliptic Systems of
Partial Differential Equations},
author = {Avron Douglis and Louis Nirenberg},
journal = {Communications on Pure and Applied Mathematics},
Volume = {8},
pages = {503-538},
year = {1955},
}


